<record xmlns="http://www.loc.gov/MARC21/slim" xmlns:xsi="http://www.w3.org/2001/XMLSchema-instance" xsi:schemaLocation="http://www.loc.gov/MARC21/slim http://www.loc.gov/standards/marcxml/schema/MARC21slim.xsd"><leader>     nam a22        4500</leader><controlfield tag="001">1968700</controlfield><controlfield tag="003">NIC</controlfield><controlfield tag="006">m        d        </controlfield><controlfield tag="007">cr cn |||m|||a</controlfield><controlfield tag="008">150316m19639999iq      o     000 0 araod</controlfield><datafield ind1=" " ind2=" " tag="040"><subfield code="a">NNU</subfield><subfield code="b">eng</subfield><subfield code="e">rda</subfield><subfield code="c">NNU</subfield></datafield><datafield ind1=" " ind2="4" tag="050"><subfield code="a">BP80.J23</subfield><subfield code="b">H42 1963</subfield></datafield><datafield ind1="1" ind2=" " tag="100"><subfield code="a">H&#803;aydar, Asad.</subfield></datafield><datafield ind1="1" ind2="3" tag="245"><subfield code="a">al-Ima&#772;m al-S&#803;a&#772;diq wa-al-madha&#772;hib al-arba&#699;ah /</subfield><subfield code="c">ta'li&#772;f Asad H&#803;aydar.</subfield></datafield><datafield ind1=" " ind2=" " tag="260"><subfield code="a">al-Najaf :</subfield><subfield code="b">Mat&#803;ba&#699;at al-Najaf,</subfield><subfield code="c">1963-</subfield></datafield><datafield ind1=" " ind2=" " tag="300"><subfield code="a">online resource (volumes)</subfield></datafield><datafield ind1=" " ind2=" " tag="336"><subfield code="a">text</subfield><subfield code="2">rdacontent</subfield></datafield><datafield ind1=" " ind2=" " tag="337"><subfield code="a">computer</subfield><subfield code="2">rdamedia</subfield></datafield><datafield ind1=" " ind2=" " tag="338"><subfield code="a">online resource</subfield><subfield code="2">rdacarrier</subfield></datafield><datafield ind1=" " ind2=" " tag="500"><subfield code="a">Part of the Arabic Collections Online (ACO) project, contributed by Cornell University Libraries.</subfield></datafield><datafield ind1=" " ind2=" " tag="533"><subfield code="a">Electronic reproduction.</subfield><subfield code="b">New York, N.Y. :</subfield><subfield code="c">New York University,</subfield><subfield code="d">2015.</subfield><subfield code="5">NNU</subfield></datafield><datafield ind1="0" ind2="0" tag="600"><subfield code="a">Ja&#699;far al-S&#803;a&#772;diq,</subfield><subfield code="d">702?-765 or 766.</subfield></datafield><datafield ind1=" " ind2="0" tag="650"><subfield code="a">Shiites.</subfield></datafield><datafield ind1=" " ind2="0" tag="650"><subfield code="a">Sunnites.</subfield></datafield><datafield ind1="0" ind2="7" tag="600"><subfield code="a">Ja&#699;far al-S&#803;a&#772;diq,</subfield><subfield code="d">702?-765 or 766</subfield><subfield code="2">fast</subfield><subfield code="0">(OCoLC)fst01826713</subfield></datafield><datafield ind1=" " ind2="7" tag="650"><subfield code="a">Shiites.</subfield><subfield code="2">fast</subfield><subfield code="0">(OCoLC)fst01115976</subfield></datafield><datafield ind1=" " ind2="7" tag="650"><subfield code="a">Sunnites.</subfield><subfield code="2">fast</subfield><subfield code="0">(OCoLC)fst01138714</subfield></datafield><datafield ind1="2" ind2=" " tag="710"><subfield code="a">Cornell University.</subfield><subfield code="b">Libraries.</subfield></datafield><datafield ind1="0" ind2=" " tag="730"><subfield code="a">Arabic Collections Online.</subfield></datafield><datafield ind1="0" ind2="8" tag="776"><subfield code="i">Online version:</subfield><subfield code="a">H&#803;aydar, Asad.</subfield><subfield code="t">Ima&#772;m al-S&#803;a&#772;diq wa-al-madha&#772;hib al-arba&#699;ah.</subfield><subfield code="d">al-Najaf : Mat&#803;ba&#699;at al-Najaf, 1963-</subfield><subfield code="w">(OCoLC)562739618</subfield></datafield><datafield ind1="0" ind2="8" tag="776"><subfield code="i">Print version:</subfield><subfield code="a">H&#803;aydar, Asad.</subfield><subfield code="t">al-Ima&#772;m al-S&#803;a&#772;diq wa-al-madha&#772;hib al-arba&#699;ah</subfield><subfield code="w">(NIC)1968700</subfield><subfield code="w">(OCoLC)23496832</subfield></datafield><datafield ind1="4" ind2="0" tag="856"><subfield code="u">http://hdl.handle.net/2333.1/m0cfxs2f</subfield></datafield><datafield ind1=" " ind2=" " tag="959"><subfield code="a">NNU</subfield><subfield code="b">WEB</subfield><subfield code="c">GENI</subfield><subfield code="t">0</subfield><subfield code="m">Electronic access</subfield><subfield code="s">01</subfield></datafield><datafield ind1=" " ind2=" " tag="999"><subfield code="i">NIC_1968700</subfield><subfield code="o">(OCoLC)ocm23496832 </subfield><subfield code="s">cornell_aco000339:juz1</subfield><subfield code="e">(ERROR-880)</subfield></datafield></record>